% Standard entry types
% article, book, booklet, conference, inbook, incollection, inproceedings,
% manual, masterthesis, misc, phdthesis, proceedings, techreport, unpublished

% Most common fields used in BibTeX
% address annote author
% booktitle chapter crossref
% edition editor institution
% journal key month
% note number organization
% pages publisher school
% series title type
% volume year URL
% ISBN ISSN LCCN
% abstract keywords price
% copyright language contents

@BOOK{editdistance,
  title  = {Edit distance},
  author = {Wikipedia},
  url    = {http://en.wikipedia.org/wiki/Edit_distance},
  year   = {2015},
  note   = {accessed May 4\textsuperscript{th}, 2015}
}

@BOOK{levenshteindistance,
  title  = {Levenshtein distance},
  author = {Wikipedia},
  url    = {http://en.wikipedia.org/wiki/Levenshtein_distance},
  year   = {2015},
  note   = {accessed May 4\textsuperscript{th}, 2015}
}

@BOOK{soundex,
  title  = {The Soundex Indexing System},
  author = {National Archives and Records Administration},
  url    = {http://www.archives.gov/research/census/soundex.html},
  month  = {May},
  year   = {2007},
  note   = {accessed May 4\textsuperscript{th}, 2015}
}

@BOOK{adamw,
  title  = {Identifying People on the Morpeth Roll},
  author = {Adam Winstanley},
  month  = {July},
  year   = {2014},
  note = {Postgraduate Diploma in Genealogical, Palaeographic \& Heraldic Studies 2013-14},
  institution = {University of Strathclyde}
}

@BOOK{MathesonSR,
  title  = {Special report on surnames in Ireland},
  author = {Robert Edwin Matheson},
  url    = {https://archive.org/details/cu31924029805540},
  year   = {1894},
  note   = {accessed May 4\textsuperscript{th}, 2015}
}

@BOOK{MathesonV,
  title  = {Varieties and synonymes of surnames and christian names in Ireland},
  author = {Robert Edwin Matheson},
  url    = {https://archive.org/details/varietiessynony00math},
  year   = {1901},
  note   = {accessed May 4\textsuperscript{th}, 2015}
}
