@BOOK{adamw,
  title  = {Identifying People on the Morpeth Roll},
  author = {Adam Winstanley},
  month  = {July},
  year   = {2014},
  note = {Postgraduate Diploma in Genealogical, Palaeographic \& Heraldic Studies 2013-14},
  institution = {University of Strathclyde}
}

@BOOK{MathesonV,
  title  = {Varieties and synonymes of surnames and christian names in Ireland},
  author = {Robert Edwin Matheson},
  url    = {https://archive.org/details/varietiessynony00math},
  year   = {1901},
  note   = {accessed May 4\textsuperscript{th}, 2015}
}

@BOOK{ws1,
  title  = {What is a `web service' in plain English?},
  author = {Vincent Ramdhanie},
  url    = {http://stackoverflow.com/a/226159/459794},
  month  = {October},
  year   = {2008},
  note   = {accessed May 5\textsuperscript{th}, 2015}
}
